@Book{buch,
	author = {M. Mustermann},
          coauthor={E. Brandt, F,Brandt},
	title = {Ich bin ein Buch},
	publisher = {Verlag},
	year = {2013}
}

@ONLINE{online,
	author = {D. Brettschneider},
	title = {Daniel Brettschneiders Blog},
	url = {http://www.daniel-brettschneider.de},
	note = {Zugriff: 15.02.2013, Archiviert mit WebCite\textsuperscript{\textregistered}: \url{http://www.webcitation.org/6ESWiGbhw}}
}